<record><leader>00000cas a2200000 a 4500</leader><controlfield tag="001">732734653</controlfield><controlfield tag="006">m     o  d        </controlfield><controlfield tag="007">cr bn|||||||||</controlfield><controlfield tag="008">870409d19091989orudn neo     0   a0eng  </controlfield><datafield ind1=" " ind2=" " tag="010"><subfield code="a">  2012203858</subfield></datafield><datafield ind1=" " ind2=" " tag="040"><subfield code="a">Nz</subfield><subfield code="b">eng</subfield><subfield code="c">Z5A</subfield><subfield code="d">OCLCO</subfield><subfield code="d">DLC</subfield><subfield code="d">OCLCQ</subfield><subfield code="d">OCLCF</subfield><subfield code="d">OCLCQ</subfield><subfield code="d">IUL</subfield><subfield code="d">DLC</subfield></datafield><datafield ind1="0" ind2=" " tag="022"><subfield code="a">2169-5253</subfield><subfield code="l">2163-6699</subfield><subfield code="2">1</subfield></datafield><datafield ind1=" " ind2=" " tag="042"><subfield code="a">pcc</subfield><subfield code="a">nsdp</subfield></datafield><datafield ind1=" " ind2=" " tag="043"><subfield code="a">n-us-or</subfield></datafield><datafield ind1="1" ind2="0" tag="050"><subfield code="a">ISSN RECORD</subfield></datafield><datafield ind1=" " ind2="4" tag="050"><subfield code="a">AN2</subfield><subfield code="b">.M4x</subfield></datafield><datafield ind1="0" ind2="0" tag="082"><subfield code="a">071</subfield><subfield code="2">23</subfield></datafield><datafield ind1="0" ind2=" " tag="130"><subfield code="a">Medford mail tribune (Medford, Or. : Daily ed.)</subfield></datafield><datafield ind1=" " ind2="0" tag="222"><subfield code="a">Medford mail tribune</subfield><subfield code="b">(Medford, Or. Daily ed. Online)</subfield></datafield><datafield ind1="1" ind2="0" tag="245"><subfield code="a">Medford mail tribune.</subfield></datafield><datafield ind1="1" ind2="3" tag="246"><subfield code="a">Mail tribune</subfield></datafield><datafield ind1=" " ind2=" " tag="250"><subfield code="a">[Daily ed.].</subfield></datafield><datafield ind1=" " ind2=" " tag="260"><subfield code="a">Medford, Or. :</subfield><subfield code="b">Medford Mail Tribune,</subfield><subfield code="c">1909-1989.</subfield></datafield><datafield ind1=" " ind2=" " tag="310"><subfield code="a">Daily, except Saturday</subfield></datafield><datafield ind1=" " ind2=" " tag="336"><subfield code="a">text</subfield><subfield code="b">txt</subfield><subfield code="2">rdacontent</subfield></datafield><datafield ind1=" " ind2=" " tag="337"><subfield code="a">computer</subfield><subfield code="b">c</subfield><subfield code="2">rdamedia</subfield></datafield><datafield ind1=" " ind2=" " tag="338"><subfield code="a">online resource</subfield><subfield code="b">cr</subfield><subfield code="2">rdacarrier</subfield></datafield><datafield ind1="1" ind2=" " tag="362"><subfield code="a">Began with 4th year, no. 193 (Nov. 1, 1909); ceased in 86th year, no. 23 (Sept. 1, 1989).</subfield></datafield><datafield ind1=" " ind2=" " tag="515"><subfield code="a">Some issues also have year designation of weekly edition.</subfield></datafield><datafield ind1=" " ind2=" " tag="530"><subfield code="a">Also issued in print.</subfield></datafield><datafield ind1=" " ind2=" " tag="538"><subfield code="a">Mode of access: World Wide Web.</subfield></datafield><datafield ind1=" " ind2=" " tag="580"><subfield code="a">Formed by the union of: Medford morning mail; Southern Oregonian (Medford, Or. : 1908); and: Medford daily tribune.</subfield></datafield><datafield ind1=" " ind2=" " tag="588"><subfield code="a">Description based on print version record.</subfield></datafield><datafield ind1=" " ind2=" " tag="588"><subfield code="a">Latest issue consulted: Eleventh year, no. 111 (July 31, 1916) (Historic Oregon Newspapers, viewed Nov. 3, 2016).</subfield></datafield><datafield ind1=" " ind2="0" tag="651"><subfield code="a">Medford (Or.)</subfield><subfield code="v">Newspapers.</subfield></datafield><datafield ind1=" " ind2="7" tag="651"><subfield code="a">Oregon</subfield><subfield code="z">Medford.</subfield><subfield code="2">fast</subfield><subfield code="0">(OCoLC)fst01217574</subfield></datafield><datafield ind1=" " ind2="7" tag="655"><subfield code="a">Newspapers.</subfield><subfield code="2">fast</subfield><subfield code="0">(OCoLC)fst01423814</subfield></datafield><datafield ind1=" " ind2=" " tag="752"><subfield code="a">United States</subfield><subfield code="b">Oregon</subfield><subfield code="c">Jackson</subfield><subfield code="d">Medford.</subfield></datafield><datafield ind1="0" ind2=" " tag="775"><subfield code="t">Medford mail tribune (Medford, Or. : Weekly ed.)</subfield></datafield><datafield ind1="0" ind2="8" tag="776"><subfield code="i">Print version:</subfield><subfield code="t">Medford mail tribune (Medford, Or. : Daily ed.)</subfield><subfield code="x">2163-6699</subfield><subfield code="w">(DLC)sn 97071090</subfield><subfield code="w">(OCoLC)15508981</subfield></datafield><datafield ind1="1" ind2="5" tag="780"><subfield code="t">Medford morning mail</subfield></datafield><datafield ind1="1" ind2="5" tag="780"><subfield code="t">Southern Oregonian (Medford, Or. : 1908)</subfield></datafield><datafield ind1="1" ind2="5" tag="780"><subfield code="t">Medford daily tribune</subfield></datafield><datafield ind1="0" ind2="0" tag="785"><subfield code="t">Mail tribune (Medford, Or. : Online)</subfield><subfield code="w">(OCoLC)232119333</subfield></datafield><datafield ind1="4" ind2="0" tag="856"><subfield code="u">http://YU7RZ9HN8Y.search.serialssolutions.com/?V=1.0&amp;L=YU7RZ9HN8Y&amp;S=JCs&amp;C=TC0000456148&amp;T=marc</subfield></datafield><datafield ind1="4" ind2="0" tag="856"><subfield code="u">http://www.loc.gov/chroniclingamerica/lccn/97071090/issues</subfield></datafield><datafield ind1="0" ind2=" " tag="029"><subfield code="a">NZ1</subfield><subfield code="b">13700666</subfield></datafield></record>